 @book{psrc_2013, url={https://www.psrc.org/sites/default/files/2022-03/centers_monitoring.pdf}, journal={Regional Centers Monitoring Report }, author={PSRC}, year={2013}} 
 
  @book{psrc_2016, url={https://www.psrc.org/media/2637}, journal={Regional Centers Framework Update Project}, author={PSRC}, year={2016}} 