@article{kuss2022dozen,
  title={A dozen effective interventions to reduce car use in European cities: lessons learned from a meta-analysis and transition management},
  author={Kuss, Paula and Nicholas, Kimberly A},
  journal={Case studies on transport policy},
  volume={10},
  number={3},
  pages={1494--1513},
  year={2022},
  publisher={Elsevier}
}

@article{salon2012local,
  title={How do local actions affect VMT? A critical review of the empirical evidence},
  author={Salon, Deborah and Boarnet, Marlon G and Handy, Susan and Spears, Steven and Tal, Gil},
  journal={Transportation research part D: transport and environment},
  volume={17},
  number={7},
  pages={495--508},
  year={2012},
  publisher={Elsevier}
}

@article{graham2011can,
  title={Can we reduce car use and, if so, how? A review of available evidence},
  author={Graham-Rowe, Ella and Skippon, Stephen and Gardner, Benjamin and Abraham, Charles},
  journal={Transportation Research Part A: Policy and Practice},
  volume={45},
  number={5},
  pages={401--418},
  year={2011},
  publisher={Elsevier}
}