@article{kuss2022dozen,
  title={A dozen effective interventions to reduce car use in European cities: lessons learned from a meta-analysis and transition management},
  author={Kuss, Paula and Nicholas, Kimberly A},
  journal={Case studies on transport policy},
  volume={10},
  number={3},
  pages={1494--1513},
  year={2022},
  publisher={Elsevier}
}

@article{salon2012local,
  title={How do local actions affect VMT? A critical review of the empirical evidence},
  author={Salon, Deborah and Boarnet, Marlon G and Handy, Susan and Spears, Steven and Tal, Gil},
  journal={Transportation research part D: transport and environment},
  volume={17},
  number={7},
  pages={495--508},
  year={2012},
  publisher={Elsevier}
}

@article{graham2011can,
  title={Can we reduce car use and, if so, how? A review of available evidence},
  author={Graham-Rowe, Ella and Skippon, Stephen and Gardner, Benjamin and Abraham, Charles},
  journal={Transportation Research Part A: Policy and Practice},
  volume={45},
  number={5},
  pages={401--418},
  year={2011},
  publisher={Elsevier}
}
@article{stevens2017does,
  title={Does compact development make people drive less?},
  author={Stevens, Mark R},
  journal={Journal of the American Planning Association},
  volume={83},
  number={1},
  pages={7--18},
  year={2017},
  publisher={Taylor \& Francis}
}

# factors/ model
@article{hong2014built,
  title={How do built-environment factors affect travel behavior? A spatial analysis at different geographic scales},
  author={Hong, Jinhyun and Shen, Qing and Zhang, Lei},
  journal={Transportation},
  volume={41},
  pages={419--440},
  year={2014},
  publisher={Springer}
}

@article{zhang2012built,
  title={How built environment affects travel behavior: A comparative analysis of the connections between land use and vehicle miles traveled in US cities},
  author={Zhang, Lei and Hong, Jinhyun and Nasri, Arefeh and Shen, Qing},
  journal={Journal of transport and land use},
  volume={5},
  number={3},
  pages={40--52},
  year={2012},
  publisher={JSTOR}
}
@article{singh2018quantifying,
  title={Quantifying the relative contribution of factors to household vehicle miles of travel},
  author={Singh, Abhilash C and Astroza, Sebastian and Garikapati, Venu M and Pendyala, Ram M and Bhat, Chandra R and Mokhtarian, Patricia L},
  journal={Transportation research part D: transport and environment},
  volume={63},
  pages={23--36},
  year={2018},
  publisher={Elsevier}
}
